1607 2793
203 128 248 171 41
263 130 313 171 18
692 125 788 166 260.
824 123 1052 177 Scioplzila.

295 247 407 270 antice
434 240 649 267 abbreviatis.
699 235 844 265 Macula-
879 235 986 264 solitae
1013 244 1114 273 snpra
1141 243 1243 263 coxas
1271 232 1481 269 posteriores
1509 236 1541 261 et

301 306 341 333 ad
368 304 498 341 apicem
527 300 780 335 inetatlioracis,
808 298 936 336 pallide
964 297 985 326 Ι.
1013 296 1234 326 ssavo-fusca».
1279 295 1456 326 abdomen
1485 306 1540 324 an-

292 372 439 406 gustum,
478 373 724 403 compressum,
765 363 967 400 pubescens,
1007 361 1257 398 ferrugineum,
1295 360 1456 390 incisuris
1483 363 1540 390 ol».

290 443 390 462 scure
430 430 545 465 fuscis,
583 427 767 465 segmentis
795 426 815 454 2
842 425 972 453 ultimis
1007 426 1085 454 totis
1123 424 1244 464 (etiam
1272 423 1410 463 subtus)
1437 425 1538 463 nigri-

289 497 456 525 cantibus.
506 493 633 522 Venter
669 491 792 525 ssavus,
829 489 974 528 postice,
1013 493 1049 517 ιιι
1076 489 1218 522 dictum,
1247 489 1425 518 obscurus.
1477 490 1539 519 Ani

286 559 491 599 appendices
528 557 629 585 tlavae.
680 554 746 583 Alae
785 553 913 591 pallide
951 552 1104 592 liyalinae,
1144 553 1317 589 irisantes,
1358 553 1469 581 nervis
1497 555 1538 583 ad

288 628 428 658 eostam,
457 626 491 650 ut
518 619 641 654 solent,
669 615 872 656 perspicuis,
897 616 1040 654 reliquis
1073 616 1170 645 valde
1201 617 1373 646 tenuibus.
1414 618 1541 647 Areola

286 684 493 715 subcustalis
522 681 709 721 trapezina,
736 680 854 719 paullo
881 679 951 718 (vix
979 678 1139 718 dimidio)
1167 680 1304 718 longior
1331 690 1430 718 quarn
1460 682 1539 718 lata,

292 748 520 779 immaculata.
560 750 648 775 Area
675 744 798 773 basalis
827 743 923 782 apice
938 742 1118 780 subacuta,
1135 744 1266 783 petiolo
1284 745 1384 774 furem
1401 744 1539 774 inferio-

290 814 333 842 ris
360 812 477 851 paullo
504 807 724 849 (conspicue)
759 809 907 837 brevior.
960 808 1112 837 Petiolus
1153 806 1257 847 hujus
1297 809 1399 837 sui-cte
1439 811 1539 838 ramis

290 877 445 905 nonnihil
483 876 635 913 longior,
673 878 705 902 at
743 872 843 901 furcae
869 873 1059 910 superioris
1088 872 1171 902 rami
1199 882 1261 901 suo
1289 862 1420 911 petiolo
1447 882 1540 911 aeque

290 940 393 977 longi.
444 940 578 969 Nervus
617 938 737 975 longit.
777 937 886 966 lanus
922 937 1016 975 apice
1044 946 1138 965 ramo
1166 937 1274 965 altero
1302 938 1465 975 abruptus
1493 939 1539 967 ita

289 1007 324 1031 ιιι
352 1003 486 1041 apiculo
514 1002 658 1040 simplici
686 1001 812 1030 inflexo
840 1000 962 1029 areolae
987 1001 1102 1029 medio
1130 1001 1290 1037 insertus,
1329 1011 1406 1030 cuin
1445 1006 1540 1030 costa

289 1078 354 1096 nou
393 1068 575 1096 cohaerens.
626 1065 727 1095 Nervi
757 1066 776 1093 :2
802 1064 992 1094 abbreviati
1032 1065 1072 1093 ad
1111 1065 1298 1102 marginem
1336 1065 1540 1095 interiorem

289 1132 322 1158 in
349 1132 476 1169 spuria,
505 1131 602 1159 valde
641 1129 804 1159 obsoleti.
854 1128 1015 1157 Halteres
1043 1132 1074 1156 et
1101 1128 1204 1166 pedes
1231 1128 1458 1167 pallidissime
1485 1130 1539 1158 tla-

289 1194 332 1230 vi,
359 1194 454 1223 coxis
482 1194 724 1228 immaculatis,
760 1193 949 1222 semoribus
976 1191 1096 1221 subtus
1124 1192 1189 1220 ima
1218 1193 1287 1221 basi
1315 1198 1441 1231 punrto
1470 1195 1539 1223 exi-

289 1267 354 1293 guo
382 1259 490 1296 nigro.
539 1258 641 1287 Tibize
666 1262 762 1286 certo
790 1257 856 1286 situ
884 1256 1094 1285 fuscescnnt.
1145 1256 1240 1286 Tarsi
1271 1257 1490 1294 nigricanteS.

245 1330 269 1364 §2
296 1328 415 1358 similis
442 1331 582 1360 omnino
609 1331 693 1360 mari
722 1330 906 1368 descripto,
942 1339 958 1357 a
986 1338 1053 1366 quo
1092 1333 1220 1357 tantum
1260 1329 1396 1360 differt:
1436 1333 1539 1361 alidu-

291 1394 381 1422 mine
408 1395 541 1423 modice
569 1399 727 1432 angusto,
754 1393 914 1422 incisuris
941 1391 1101 1421 omnibus
1129 1397 1316 1431 ventreque
1344 1399 1415 1423 toto
1443 1397 1539 1434 palli-

293 1456 334 1483 de
360 1456 466 1494 nav03
506 1459 751 1488 verosimiliter
784 1454 886 1495 hujus
914 1456 1038 1495 speciei
1068 1456 1206 1492 femina,
1234 1457 1274 1486 ad
1301 1457 1407 1487 Toien
1435 1469 1540 1499 prope

291 1518 530 1551 (¹liristianiam
557 1523 744 1561 Norwegiae
771 1521 811 1550 14
836 1521 916 1550 Jun.
944 1519 1031 1550 1849
1057 1522 1206 1557 inventa,
1242 1526 1273 1550 et
1302 1531 1318 1550 a
1346 1523 1385 1553 D.
1416 1520 1540 1555 Siebke

290 1586 556 1615 communicata.

250 1644 331 1679 Obs.
381 1650 420 1680 In
446 1652 562 1690 pineto
591 1654 631 1683 ad
659 1653 930 1684 Neuenkirclien
959 1662 1066 1692 prope
1093 1652 1281 1692 Gryphium
1309 1663 1425 1684 mense
1445 1657 1539 1695 Sept.

294 1711 390 1750 1844,
418 1716 458 1745 1).
488 1713 669 1748 Daltlbom
697 1718 728 1747 in
756 1727 875 1756 magna
901 1718 1002 1756 copia
1033 1717 1116 1755 legit
1151 1716 1338 1755 specimina
1378 1719 1539 1757 feminea,

295 1787 366 1814 quin
394 1781 478 1809 mari
505 1766 684 1819 descripto
703 1782 879 1812 simillima
906 1786 996 1815 sunt,
1024 1781 1083 1810 sed
1111 1781 1295 1810 differunt:
1313 1787 1540 1814 antennarum

293 1846 421 1872 tantum
449 1846 600 1874 articulis
627 1847 645 1874 2
672 1845 749 1884 (nec
774 1845 812 1885 3)
838 1846 954 1884 primis
982 1844 1088 1881 ssavis,
1129 1846 1334 1884 epistoinate
1361 1846 1539 1885 palpisqne

291 1906 406 1943 paullo
435 1908 656 1945 fuscioribus,
696 1910 848 1941 stethidii
879 1910 1013 1949 pictura
1041 1909 1159 1948 paullo
1188 1908 1397 1945 obscuriori,
1426 1911 1538 1940 tliora-

292 1972 339 1999 cis
367 1971 457 2001 vittis
484 1973 677 2002 dorsalibus
705 1973 723 2005 3
752 1974 855 2003 fuscis
883 1972 961 2013 (nec
997 1971 1233 2011 ferrugineis),
1273 1974 1385 2003 inedia
1420 1974 1538 2005 distin-

292 2039 345 2064 cte
373 2037 542 2072 geminata
567 2036 663 2075 (nota
690 2039 791 2068 solita
817 2048 919 2068 sexus
947 2035 1117 2077 feminei),
1156 2038 1340 2067 abdomine
1367 2039 1540 2069 lanceola-

294 2103 340 2134 to,
368 2099 488 2135 nitido,
528 2102 695 2137 lurunneo,
730 2104 890 2132 incisuris
918 2102 1068 2141 pallidis,
1095 2107 1130 2131 ιιι
1159 2107 1189 2131 et
1217 2103 1454 2140 magnitudine
1481 2114 1538 2142 pa-

292 2162 440 2191 ullulum
468 2161 589 2202 majori
617 2163 770 2202 (circiter
796 2165 839 2209 1}
864 2167 923 2197 liu.
953 2167 1076 2207 long.);
1112 2167 1257 2206 reliqua,
1285 2171 1322 2196 ιιι
1349 2167 1408 2196 alze
1436 2169 1538 2196 elium

294 2228 406 2264 quoad
424 2237 605 2257 nervorum
622 2230 860 2267 directionem,
885 2231 988 2270 pedes
1016 2236 1080 2261 etc.
1109 2241 1185 2260 cum
1214 2231 1380 2270 exemplis
1407 2232 1538 2261 scandi-

294 2292 424 2320 navicis
460 2297 579 2320 exacte
613 2300 817 2331 congruunt.
868 2295 964 2324 Hanc
990 2301 1025 2324 ut
1053 2296 1227 2331 seminani,
1256 2301 1288 2325 et
1315 2294 1369 2327 Sc.
1399 2296 1540 2329 lriline-

293 2358 396 2384 ntum
423 2361 456 2384 ιιι
485 2366 612 2384 marem
641 2354 795 2395 ejusdem
831 2361 956 2398 speciei
995 2371 1170 2390 assumere
1210 2361 1310 2390 facile
1348 2373 1540 2402 propensus

295 2427 424 2456 essem,
463 2420 524 2450 nisi
565 2431 703 2460 ‘pioque
743 2424 899 2453 locorum
938 2426 1103 2455 natalium
1142 2426 1241 2464 longa
1281 2426 1442 2457 distantia
1480 2429 1538 2457 ol)-

293 2486 410 2513 staret.
