1607 2793
489 80 582 123 260.
620 55 852 133 Sciopha'ia.
1240 73 1351 117 4097

93 192 206 223 antico
234 193 333 224 valde
361 195 499 233 exiguo.
551 195 687 225 Thorax
726 196 848 232 «walis,
889 204 990 233 supra
1028 192 1127 222 valde
1164 201 1352 227 convexus,

97 259 226 296 absque
253 264 372 288 sutura
401 265 592 289 transversa
619 261 748 299 postica
776 266 809 290 et
835 259 926 290 striis
952 256 1264 296 longitudiualibus
1291 257 1351 286 im-

102 324 238 361 pressis.
289 324 484 353 Scaienum
525 325 715 355 mediocre.
765 324 991 355 Melantioi-ax
1029 321 1189 352 declivis.
1239 321 1353 350 Abdo-

99 398 175 416 men
205 388 340 417 modice
369 388 567 427 elongatum
597 394 628 418 et
655 390 793 419 modice
820 394 1015 427 angustum,
1055 385 1124 417 basi
1153 385 1270 425 paullo
1298 395 1354 414 co-

102 457 292 489 arctatum;
330 451 588 482 7-annulatnm.
638 454 707 483 Alae
739 454 957 492 longitudine
983 452 1122 481 cii-citet·
1151 450 1355 485 abdominis,

103 516 239 545 modice
268 517 349 552 latre,
378 517 473 546 nndae
500 522 558 546 aut
587 519 739 547 tenuiter
774 517 929 553 hirtulze3
968 517 1040 546 basi
1079 515 1195 544 subito
1223 516 1356 550 excisae,

100 581 179 610 lobo
206 582 368 619 marginis
404 582 581 611 interioris
621 582 821 612 rotundatu.
873 583 976 612 Nervi
1013 580 1202 620 praesertim
1231 580 1271 608 ad
1298 589 1355 608 co-

99 650 181 674 stam
208 650 258 674 sat
285 645 479 684 perspicui3
509 647 781 684 longitudinales
809 647 963 686 apicibus
991 646 1011 675 4
1037 645 1069 675 in
1098 644 1284 683 marginem
1306 645 1354 673 in-

103 709 280 745 teriorem.
308 720 426 749 parum
454 700 624 748 citimum,
653 712 878 747 descendunt,
896 711 1007 741 furcas
1035 711 1053 739 2
1081 709 1268 748 inaequales
1291 708 1357 737 for-

104 779 247 810 manum,
289 774 410 803 barum
451 776 644 814 superioris
671 776 822 815 petiolus
851 778 883 806 in
912 777 1008 815 apice
1035 785 1121 804 areae
1149 774 1274 803 basalis
1302 774 1359 802 de-

104 839 196 874 sinit,
223 839 397 868 inferioris
432 850 512 869 vero
548 841 700 879 petiolus
742 841 783 870 ad
822 840 919 871 basin
959 841 1017 870 alae
1054 841 1175 869 oritur.
1224 838 1361 868 Nervus

108 904 261 934 axillaris
290 904 405 933 nullus
445 904 465 934 l.
508 905 791 941 rudimentarius,
832 911 862 935 at
897 905 977 936 buic
1005 905 1160 944 proxime
1187 902 1236 943 (in
1265 903 1362 942 plaga

107 968 246 999 axiliani-i
275 978 336 998 seo
366 979 382 997 a
413 966 607 1010 Macqvare
637 976 668 999 et
697 967 841 1011 Stoeger
867 972 914 1001 sic
941 971 1032 1000 «licta
1059 967 1192 1001 cellula
1218 965 1363 1009 spuria)

106 1034 291 1074 saepissime
319 1034 442 1063 adsunt
470 1044 556 1063 unus
584 1040 642 1064 aut
670 1036 739 1064 duo
768 1035 825 1064 alii
855 1035 949 1065 nervi
976 1033 1360 1069 distinctiores,abbre-

109 1099 200 1134 viati,
228 1100 284 1137 qui
314 1099 521 1139 plerumque
549 1100 705 1130 nonnihil
732 1110 822 1140 pone
851 1100 946 1130 basin
974 1100 1076 1129 surcae
1104 1098 1281 1129 interioris
1306 1097 1362 1126 de-

111 1164 290 1199 scendunt,
318 1165 505 1202 marginem
543 1170 655 1194 tamen
695 1175 880 1204 numquam
924 1166 1142 1203 attingentes,
1194 1164 1286 1192 Area
1315 1162 1363 1191 di-

109 1229 271 1259 scoidalis
299 1229 415 1265 null-‘¹3
450 1230 510 1259 sed
537 1229 601 1260 sul)
636 1235 730 1260 costa
770 1236 801 1260 et
840 1231 979 1260 circiter
1018 1231 1057 1258 ad
1098 1227 1171 1268 ejus
1211 1228 1365 1257 medium

112 1294 219 1333 (inter
257 1303 378 1323 nervos
418 1293 539 1332 longit.
567 1295 586 1323 2
614 1300 646 1324 et
672 1294 708 1336 3)
735 1295 830 1324 adest
858 1295 976 1324 areola
1003 1291 1255 1333 (subc-oscam)
1284 1302 1364 1331 qua-

114 1358 278 1397 drangula
305 1358 401 1398 (nota
427 1358 547 1399 priva),
576 1359 651 1398 plus
680 1361 791 1390 minus
819 1360 991 1399 elongata.
1041 1359 1152 1398 Supra
1179 1359 1265 1388 lianc
1292 1367 1366 1386 are-

110 1424 201 1453 olam
228 1425 432 1454 observatur
459 1424 622 1454 nervulus
650 1426 801 1455 minutus
829 1424 1143 1465 perpendicularis,
1184 1433 1284 1462 quem
1311 1432 1367 1453 co-

110 1487 239 1519 stalem
280 1492 529 1520 transversum
568 1491 755 1520 nominavi.
807 1492 896 1520 Area
924 1490 1048 1519 basalis
1076 1489 1236 1529 simplex,
1264 1497 1367 1526 ango-

114 1558 164 1581 ste
201 1558 358 1582 cuneata.
410 1553 568 1583 Halteres
608 1555 745 1585 modice
781 1557 915 1591 breves,
950 1555 1052 1584 clava.
1074 1555 1242 1593 oblonga;
1273 1553 1367 1582 nudi.

112 1617 220 1647 Pedes
248 1618 452 1653 mediocres,
480 1619 718 1656 subpuberuli,
758 1620 848 1649 tibiis
877 1619 1036 1650 omnibus
1063 1621 1228 1659 praecipue
1256 1623 1368 1658 puste-

117 1683 266 1712 rioribus
306 1681 460 1711 bifariam
499 1693 601 1721 parce
641 1689 673 1712 et
707 1685 860 1714 tenuiter
895 1684 1096 1724 spinulusis,
1123 1684 1245 1713 anticis
1273 1682 1371 1722 apice

114 1747 268 1781 subuni-,
295 1747 548 1784 posterioribus
575 1749 674 1787 apice
700 1748 825 1784 valide,
854 1748 1101 1778 lii-calcaratis.
1153 1750 1251 1779 Coxae
1278 1747 1372 1777 elon-

115 1815 206 1848 gatae.
258 1810 295 1840 In
323 1812 468 1851 pedibus
495 1813 615 1841 anticis
643 1813 781 1843 femora
808 1819 840 1843 et
868 1815 956 1844 uhta
981 1814 1140 1852 subaeque
1167 1813 1371 1852 longa,me-

116 1879 261 1905 tatarsus
288 1885 370 1906 vero
399 1875 481 1907 tibia
509 1877 703 1916 paullulum
740 1879 901 1918 brevior3
935 1880 969 1908 in
997 1879 1142 1918 pedibus
1170 1878 1372 1918 posteriori·

117 1941 177 1969 bus
205 1942 292 1971 tit-iae
318 1941 506 1970 semoribus
534 1942 642 1971 multo
669 1942 862 1982 longiores,
903 1948 1108 1973 metatarsos
1137 1953 1222 1973 reio
1250 1943 1374 1972 femori

117 2005 336 2044 subseq-natis.
389 2003 504 2036 Color
527 2006 711 2046 saepissime
739 2007 973 2047 ferrugineus,
1001 2008 1143 2038 thorace
1168 2007 1376 2048 plerumque

121 2071 266 2100 obscure
294 2071 435 2108 i·ittato;
463 2080 540 2100 raro
568 2071 675 2110 niger.
720 2068 828 2103 Motu
856 2073 1064 2111 agilissima:
1091 2072 1227 2103 sortiter
1242 2081 1376 2112 repens.

118 2134 317 2170 Habitatio
346 2139 533 2178 imaginum
561 2139 595 2169 in
621 2141 826 2179 graminosis
855 2146 888 2171 et
925 2142 1128 2179 fruticibus,
1168 2142 1377 2183 plerumque

118 2207 203 2236 locis
242 2208 433 2243 umbrosis,
474 2207 650 2238 silvaticis.
719 2209 834 2240 Larrae
884 2210 1080 2249 t'ungicolae.
1148 2206 1379 2253 Dq'ff'erentia

120 2284 250 2314 sexus;
278 2284 374 2306 mas.-
412 2275 596 2305 abdomine
635 2277 906 2318 subcylindrico,
943 2280 1166 2318 pubescente,
1196 2279 1293 2318 apice
1319 2278 1378 2306 ob-

122 2350 210 2380 tuso,
241 2344 371 2382 soi-cipe
398 2353 520 2382 parum
559 2349 722 2383 extens-‘⁴13
753 2343 925 2390 femina:
963 2347 1149 2378 abdomine
1189 2345 1377 2387 puberulo,

122 2413 397 2452 sobcompresso,
425 2411 598 2451 posterius
625 2413 746 2453 paullo
773 2416 951 2453 crassiori,
991 2416 1088 2457 stylis
1128 2417 1284 2447 analibus
1322 2423 1379 2452 pa-

125 2491 200 2511 rum
227 2483 385 2515 exsertis.
427 2477 526 2523 Typi
549 2482 708 2520 generis:
738 2479 886 2525 Sciopla.
913 2483 1064 2523 striata,
1094 2491 1128 2516 et
1146 2482 1334 2527 sauciata.
